@article{sainz2021transferencia,
	title        = {La transferencia de conocimiento en educaci{\'o}n: un desaf{\'\i}o estrat{\'e}gico},
	author       = {Sainz, Enrique Alonso},
	year         = 2021,
	journal      = {Tendencias pedag{\'o}gicas},
	publisher    = {Departamento de Did{\'a}ctica y Teor{\'\i}a de la Educaci{\'o}n},
	number       = 38,
	pages        = {179--181}
}
@article{vega2023transferencia,
	title        = {Transferencia del Conocimiento con un Enfoque Educativo STEAM},
	author       = {Vega, Jacqueline Aracely Mendoza and Mu{\~n}oz, Javier Dar{\'\i}o Guadamud and Zamora, Efr{\'e}n Jamil Mendoza and Estacio, Francisco Jos{\'e} Diaz and Arias, Marjorie Juana Vera},
	year         = 2023,
	journal      = {Ciencia Latina: Revista Multidisciplinar},
	publisher    = {Centro de Investigaci{\'o}n ALAC},
	volume       = 7,
	number       = 5,
	pages        = {10591--10605}
}
@misc{aponte2022,
	title        = {Estrategia para la transferencia de tecnolog{\'\i}a de la academia a la industria: Caso del Departamento de Ingenier{\'\i}a Qu{\'\i}mica y Ambiental de la Universidad Nacional de Colombia},
	author       = {Aponte Guti{\'e}rrez, Laura Camila},
	year         = 2022,
	school       = {Universidad Nacional de Colombia}
}
@article{araya2019atributos,
	title        = {Atributos determinantes de la transferencia del conocimiento: una revisi{\'o}n de la situaci{\'o}n de las pymes del sector industrial de Coquimbo, Chile},
	author       = {Araya-Pizarro, Sebasti{\'a}n Crist{\'o}bal and Varas-Madrid, Carlos Pier},
	year         = 2019,
	journal      = {Revista Facultad de Ciencias Econ{\'o}micas: Investigaci{\'o}n y Reflexi{\'o}n},
	publisher    = {Facultad de Ciencias Econ{\'o}micas Universidad Militar Nueva Granada},
	volume       = 27,
	number       = 1,
	pages        = {107--124}
}
@article{macias2018factores,
	title        = {Factores implicados en la transferencia de resultados de investigaci{\'o}n en las instituciones de educaci{\'o}n superior},
	author       = {Macias Urrego, Jackeline and Valencia Arias, Alejandro and Montoya Restrepo, Iv{\'a}n},
	year         = 2018,
	journal      = {Ingeniare. Revista chilena de ingenier{\'\i}a},
	publisher    = {SciELO Chile},
	volume       = 26,
	number       = 3,
	pages        = {528--540}
}
@article{d2014transferencia,
	title        = {Transferencia del conocimiento: del modelo transaccional al relacional},
	author       = {D'Este-Cukierman, Pablo and Quevedo, Jos{\'e} Garc{\'\i}a and Verd{\'u}, Francisco Mas},
	year         = 2014,
	journal      = {Mediterr{\'a}neo econ{\'o}mico},
	publisher    = {Caja Rural Intermediterr{\'a}nea, Cajamar},
	number       = 25,
	pages        = {279--296}
}
@inproceedings{van2014knowledge,
	title        = {Knowledge transfer in project-based organizations. A conceptual model for investigating knowledge type, transfer mechanisms and transfer success},
	author       = {van Waveren, Corro C and Oerlemans, Leon AG and Pretorius, Marthinus W},
	year         = 2014,
	booktitle    = {2014 IEEE International Conference on Industrial Engineering and Engineering Management},
	pages        = {1176--1181},
	organization = {IEEE}
}
@inproceedings{binti2014literature,
	title        = {A literature review: Towards a model to measure the impact of knowledge transfer with the presence of IT support},
	author       = {binti Arshad, Noreen Izza and others},
	year         = 2014,
	booktitle    = {Proceedings of the 6th International Conference on Information Technology and Multimedia},
	pages        = {206--211},
	organization = {IEEE}
}
@article{zabala2017modelos,
	title        = {Modelos de gesti{\'o}n para la transferencia de los conocimientos en instituciones de Educaci{\'o}n Superior},
	author       = {Zabala Mendoza, Dora Enid and Quintero Ram{\'\i}rez, Santiago},
	year         = 2017,
	journal      = {Revista Ciencias Estrat{\'e}gicas},
	publisher    = {Universidad Pontificia Bolivariana}
}
@article{bonilladiseno,
	title        = {Dise{\~n}o de un exoesqueleto para uso industrial de miembros superiores a base de materiales reciclados},
	author       = {Bonilla Ramos, Juli{\'a}n Andr{\'e}s and D{\'\i}az Rueda, Nicol{\'a}s},
	publisher    = {Pontificia Universidad Javeriana}
}
@misc{puj2020,
	title        = {Exoesqueleto para trabajadores de líneas AT y MT --- youtube.com},
	author       = {Ingenieria PUJ},
	year         = 2020,
	note         = {[Accessed 25-10-2024]},
	howpublished = {\url{https://www.youtube.com/watch?v=BkqMXxqHSxw}}
}

@article{egger2022medical,
	title        = {Medical deep learning—A systematic meta-review},
	author       = {Egger, Jan and Gsaxner, Christina and Pepe, Antonio and Pomykala, Kelsey L and Jonske, Frederic and Kurz, Manuel and Li, Jianning and Kleesiek, Jens},
	year         = 2022,
	journal      = {Computer methods and programs in biomedicine},
	publisher    = {Elsevier},
	volume       = 221,
	pages        = 106874
}
@article{rayed2024deep,
	title        = {Deep learning for medical image segmentation: State-of-the-art advancements and challenges},
	author       = {Rayed, Md Eshmam and Islam, SM Sajibul and Niha, Sadia Islam and Jim, Jamin Rahman and Kabir, Md Mohsin and Mridha, MF},
	year         = 2024,
	journal      = {Informatics in Medicine Unlocked},
	publisher    = {Elsevier},
	pages        = 101504
}

@article{einstein,
	title        = {{Zur Elektrodynamik bewegter K{\"o}rper}. ({German}) [{On} the electrodynamics of moving bodies]},
	author       = {Albert Einstein},
	year         = 1905,
	journal      = {Annalen der Physik},
	volume       = 322,
	number       = 10,
	pages        = {891--921},
	doi          = {http://dx.doi.org/10.1002/andp.19053221004},
	keywords     = {physics}
}
@book{dirac,
	title        = {The Principles of Quantum Mechanics},
	author       = {Paul Adrien Maurice Dirac},
	year         = 1981,
	publisher    = {Clarendon Press},
	series       = {International series of monographs on physics},
	isbn         = 9780198520115,
	keywords     = {physics}
}
@book{latexcompanion,
	title        = {The \LaTeX\ Companion},
	author       = {Michel Goossens and Frank Mittelbach and Alexander Samarin},
	year         = 1993,
	publisher    = {Addison-Wesley},
	address      = {Reading, Massachusetts},
	keywords     = {latex}
}
@online{knuthwebsite,
	title        = {Knuth: Computers and Typesetting},
	author       = {Donald Knuth},
	url          = {http://www-cs-faculty.stanford.edu/~uno/abcde.html},
	keywords     = {latex,knuth}
}
@inbook{knuth-fa,
	title        = {Fundamental Algorithms},
	author       = {Donald E. Knuth},
	year         = 1973,
	publisher    = {Addison-Wesley},
	chapter      = {1.2},
	keywords     = {knuth,programming}
}
@book{knuth-acp,
	title        = {The Art of Computer Programming},
	author       = {Donald E. Knuth},
	year         = 1968,
	publisher    = {Addison-Wesley},
	series       = {Four volumes},
	note         = {Seven volumes planned},
	keywords     = {knuth,programming}
}
@article{ctan,
	title        = {The {C}omprehensive {T}ex {A}rchive {N}etwork ({CTAN})},
	author       = {George D. Greenwade},
	year         = 1993,
	journal      = {TUGBoat},
	volume       = 14,
	number       = 3,
	pages        = {342--351},
	keywords     = {latex}
}