@book{referencia1,
	author    = {Autor 1},
	title     = {Título del libro},
	year      = {Año},
	publisher = {Editorial}
}

@article{referencia2,
	author  = {Autor 2},
	title   = {Título del artículo},
	journal = {Nombre de la revista},
	year    = {Año},
	volume  = {Volumen},
	number  = {Número},
	pages   = {Páginas}
}

@misc{simpson2019largeannotatedmedicalimage,
	title={A large annotated medical image dataset for the development and evaluation of segmentation algorithms}, 
	author={Amber L. Simpson and Michela Antonelli and Spyridon Bakas and Michel Bilello and Keyvan Farahani and Bram van Ginneken and Annette Kopp-Schneider and Bennett A. Landman and Geert Litjens and Bjoern Menze and Olaf Ronneberger and Ronald M. Summers and Patrick Bilic and Patrick F. Christ and Richard K. G. Do and Marc Gollub and Jennifer Golia-Pernicka and Stephan H. Heckers and William R. Jarnagin and Maureen K. McHugo and Sandy Napel and Eugene Vorontsov and Lena Maier-Hein and M. Jorge Cardoso},
	year={2019},
	eprint={1902.09063},
	archivePrefix={arXiv},
	primaryClass={cs.CV},
	url={https://arxiv.org/abs/1902.09063}, 
}