@article{einstein,
	title        = {{Zur Elektrodynamik bewegter K{\"o}rper}. ({German}) [{On} the electrodynamics of moving bodies]},
	author       = {Albert Einstein},
	year         = 1905,
	journal      = {Annalen der Physik},
	volume       = 322,
	number       = 10,
	pages        = {891--921},
	doi          = {http://dx.doi.org/10.1002/andp.19053221004},
	keywords     = {physics}
}
@book{dirac,
	title        = {The Principles of Quantum Mechanics},
	author       = {Paul Adrien Maurice Dirac},
	year         = 1981,
	publisher    = {Clarendon Press},
	series       = {International series of monographs on physics},
	isbn         = 9780198520115,
	keywords     = {physics}
}
@book{latexcompanion,
	title        = {The \LaTeX\ Companion},
	author       = {Michel Goossens and Frank Mittelbach and Alexander Samarin},
	year         = 1993,
	publisher    = {Addison-Wesley},
	address      = {Reading, Massachusetts},
	keywords     = {latex}
}
@online{knuthwebsite,
	title        = {Knuth: Computers and Typesetting},
	author       = {Donald Knuth},
	url          = {http://www-cs-faculty.stanford.edu/~uno/abcde.html},
	keywords     = {latex,knuth}
}
@inbook{knuth-fa,
	title        = {Fundamental Algorithms},
	author       = {Donald E. Knuth},
	year         = 1973,
	publisher    = {Addison-Wesley},
	chapter      = {1.2},
	keywords     = {knuth,programming}
}
@book{knuth-acp,
	title        = {The Art of Computer Programming},
	author       = {Donald E. Knuth},
	year         = 1968,
	publisher    = {Addison-Wesley},
	series       = {Four volumes},
	note         = {Seven volumes planned},
	keywords     = {knuth,programming}
}
@article{ctan,
	title        = {The {C}omprehensive {T}ex {A}rchive {N}etwork ({CTAN})},
	author       = {George D. Greenwade},
	year         = 1993,
	journal      = {TUGBoat},
	volume       = 14,
	number       = 3,
	pages        = {342--351},
	keywords     = {latex}
}